@inproceedings{NestedVM,
  author = {Brian Alliet and Adam Megacz},
  title = {Complete translation of unsafe native code to safe bytecode},
  booktitle = {IVME '04: Proceedings of the 2004 workshop on Interpreters, virtual machines and emulators},
  year = {2004},
  isbn = {1-58113-909-8},
  pages = {32--41},
  location = {Washington, D.C.},
  doi = {http://doi.acm.org/10.1145/1059579.1059589},
  publisher = {ACM},
  address = {New York, NY, USA}, }

@Misc{LLJVM,
  title = {LLJVM},
  author = {David A. Roberts},
  year = 2013, }

@inproceedings{Cibyl,
 author = {K{\aa}gstr\"{o}m, Simon and Grahn, H{\aa}kan and Lundberg, Lars},
 title = {Cibyl: An Environment for Language Diversity on Mobile Devices},
 booktitle = {Proceedings of the 3rd International Conference on Virtual Execution Environments},
 series = {VEE '07},
 year = {2007},
 isbn = {978-1-59593-630-1},
 location = {San Diego, California, USA},
 pages = {75--82},
 numpages = {8},
 url = {http://doi.acm.org/10.1145/1254810.1254821},
 doi = {10.1145/1254810.1254821},
 acmid = {1254821},
 publisher = {ACM},
 address = {New York, NY, USA},
 keywords = {J2ME, binary translation, portability, programming environment}, } 

@Misc{GCJ,
  author = {GCC},
  title = {GCJ : GNU Compile for Java programming Language},
  url =  {http://gcc.gnu.org/java/index.html}, 
  year = 2013, }

@Misc{JVMSpec,
  author = {Oracle},
  titile = { The JAVA Virtual Machine Specification },
  url = {http://docs.oracle.com/javase/specs/jvms/se7/html/},
  year = 2013, }

@inproceedings{Bogor,
  added-at = {2008-04-02T00:00:00.000+0200},
  author = {Dwyer, Matthew B. and Hatcliff, John and Hoosier, Matthew},
  biburl = {http://www.bibsonomy.org/bibtex/22f19b2ea45bfef8ebe0ce3f3839b5457/dblp},
  booktitle = {ETX},
  date = {2008-04-02},
  description = {dblp},
  editor = {Burke, Michael G.},
  ee = {http://doi.acm.org/10.1145/1066129.1066147},
  interhash = {14407132004f3688b16e9982c83905ab},
  intrahash = {2f19b2ea45bfef8ebe0ce3f3839b5457},
  keywords = {dblp},
  pages = {88-92},
  publisher = {ACM},
  timestamp = {2008-04-02T00:00:00.000+0200},
  title = {Supporting model checking education using BOGOR/Eclipse.},
  url = {http://dblp.uni-trier.de/db/conf/eclipse/eclipse2004.html#DwyerHH04},
  year = 2004
}

@inproceedings{Bandera,
  added-at = {2012-05-14T00:00:00.000+0200},
  author = {Corbett, James C. and Dwyer, Matthew B. and Hatcliff, John and Robby},
  biburl = {http://www.bibsonomy.org/bibtex/24bf5f18d0b463de37d45b508a54e5123/dblp},
  booktitle = {ICSE},
  editor = {Ghezzi, Carlo and Jazayeri, Mehdi and Wolf, Alexander L.},
  ee = {http://doi.acm.org/10.1145/337180.337625},
  interhash = {12dd6366a27eff1974452c01a2d2f452},
  intrahash = {4bf5f18d0b463de37d45b508a54e5123},
  isbn = {1-58113-206-9},
  keywords = {dblp},
  pages = {762-765},
  publisher = {ACM},
  timestamp = {2012-05-14T00:00:00.000+0200},
  title = {Bandera: a source-level interface for model checking Java programs.},
  url = {http://dblp.uni-trier.de/db/conf/icse/icse2000.html#CorbettDHR00},
  year = 2000
}

@INPROCEEDINGS{Sireum:Kiasan1, 
  author={Xianghua Deng and Jooyong Lee and Robby}, 
  booktitle={Automated Software Engineering, 2006. ASE '06. 21st IEEE/ACM International Conference on}, 
  title={Bogor/Kiasan: A k-bounded Symbolic Execution for Checking Strong Heap Properties of Open Systems}, 
  year={2006}, 
  pages={157-166}, 
  keywords={fault diagnosis;formal specification;open systems;program diagnostics;reasoning about programs;Bogor model checking;Kiasan technique;compositional reasoning;error traces;fault evidence;heap property checking;k-bounded symbolic execution;noncompositional reasoning;open systems;specification checking;Computer languages;Contracts;Costs;Java;Open systems;Programming;Software maintenance;Software performance;Software reusability;Software tools}, 
  doi={10.1109/ASE.2006.26}, 
  ISSN={1938-4300}, }

@inproceedings{Sireum:Kiasan2,
 author = {Deng, Xianghua and Robby and Hatcliff, John},
 title = {Kiasan: A Verification and Test-Case Generation Framework for Java Based on Symbolic Execution},
 booktitle = {Proceedings of the Second International Symposium on Leveraging Applications of Formal Methods, Verification and Validation},
 series = {ISOLA '06},
 year = {2006},
 isbn = {978-0-7695-3071-0},
 pages = {137--},
 url = {http://dx.doi.org/10.1109/ISoLA.2006.60},
 doi = {10.1109/ISoLA.2006.60},
 acmid = {1397152},
 publisher = {IEEE Computer Society},
 address = {Washington, DC, USA}, } 

@article{Sireum:Alir,
  Address = {Los Alamitos, CA, USA},
  Author = {Hariharan Thiagarajan and John Hatcliff and Jason Belt and Robby},
  Doi = {http://doi.ieeecomputersociety.org/10.1109/SCAM.2012.25},
  Isbn = {978-1-4673-2398-7},
  Journal = {Source Code Analysis and Manipulation, IEEE International Workshop on},
  Pages = {132-137},
  Publisher = {IEEE Computer Society},
  Title = {Bakar Alir: Supporting Developers in Construction of Information Flow Contracts in SPARK},
  Volume = {0},
  Year = {2012},
  Bdsk-Url-1 = {http://doi.ieeecomputersociety.org/10.1109/SCAM.2012.25}}

@InProceedings{Sireum:RobbyICSE13,
  author    = {John Hatcliff and Robby and Patrice Chalin and Jason Belt},
  title     = {Explicating Symbolic Execution (xSymExe): An Evidence-Based Verification Framework},
  booktitle = {Proc.\ ICSE},
  publisher = {IEEE},
  pages     = {222--231},
  year      = {2013}, }

@misc{Dalvik,
  abstract = {Dalvik — the virtual machine with the unusual name — runs your code on Android. Join us to learn about the motivation for its design and get some details about how it works. You'll also walk away with a few tips for how to write code that works well with the platform. Be prepared for a deep dive into technical details. Questions encouraged!},
  added-at = {2008-08-10T21:47:20.000+0200},
  author = {Bornstein, Dan},
  biburl = {http://www.bibsonomy.org/bibtex/262e1a333748559a836b2d7c1e67853a1/gron},
  howpublished = {Google I/O 2008},
  interhash = {b59013dcf87829a099d38e04af7a97fa},
  intrahash = {62e1a333748559a836b2d7c1e67853a1},
  keywords = {Dalvik Me:MastersThesis Optimization Requirements VM embedded},
  month = {Juni},
  timestamp = {2008-08-10T21:47:20.000+0200},
  title = {Dalvik Virtual Machine Internals},
  url = {http://de.youtube.com/watch?v=ptjedOZEXPM},
  year = 2008 }

@MISC{Leino08thisis,
    author = {K. Rustan M. Leino},
    title = {This is Boogie 2},
    year = {2008} }

@Misc{Indus,
  author = {Robby},
  title = {Indus},
  year = {2006}, }

@inproceedings{BarnettCDJL05,
  title = {Boogie: A Modular Reusable Verifier for Object-Oriented Programs},
  author = {Michael Barnett and Bor-Yuh Evan Chang and Robert DeLine and Bart Jacobs 0002 and K. Rustan M. Leino},
  year = {2005},
  doi = {http://dx.doi.org/10.1007/11804192_17},
  tags = {object-oriented programming, meta programming, program verification, reuse, subject-oriented programming, Meta-Environment, feature-oriented programming, meta-objects},
  researchr = {http://researchr.org/publication/BarnettCDJL05},
  cites = {0},
  citedby = {0},
  pages = {364-387},
  booktitle = {Formal Methods for Components and Objects, 4th International Symposium, FMCO 2005, Amsterdam, The Netherlands, November 1-4, 2005, Revised Lectures},
  editor = {Frank S. de Boer and Marcello M. Bonsangue and Susanne Graf and Willem P. de Roever},
  volume = {4111},
  series = {Lecture Notes in Computer Science},
  publisher = {Springer},
  isbn = {3-540-36749-7}, }

@MastersThesis{Lattner:MSThesis02,
  author  = {Chris Lattner},
  title   = "{LLVM: An Infrastructure for Multi-Stage Optimization}",
  school  = "{Computer Science Dept., University of Illinois at Urbana-Champaign}",
  year    = {2002},
  address = {Urbana, IL},
  month   = {Dec},
  note    = {{\em See {\tt http://llvm.cs.uiuc.edu}.}} }

@Misc{RTL,
  author = {GCC},
  title = {GCC RTL Representation},
  url = {http://gcc.gnu.org/onlinedocs/gccint/RTL.html},
  year = 2013, }

@Misc{toyota,
  author = {Michael Dunn},
  title = {Toyota's killer firmware},
  howpublished = {\url{http://www.edn.com/design/automotive/4423428/Toyota-s-killer-firmware--Bad-design-and-its-consequences}},
  year = 2013, }

@article{Dijkstra:1975,
 author = {Dijkstra, Edsger W.},
 title = {Guarded Commands, Nondeterminacy and Formal Derivation of Programs},
 journal = {Commun. ACM},
 issue_date = {Aug. 1975},
 volume = {18},
 number = {8},
 month = aug,
 year = {1975},
 issn = {0001-0782},
 pages = {453--457},
 numpages = {5},
 url = {http://doi.acm.org/10.1145/360933.360975},
 doi = {10.1145/360933.360975},
 acmid = {360975},
 publisher = {ACM},
 address = {New York, NY, USA},
 keywords = {case-construction, correctness proof, derivation of programs, nondeterminancy, program semantics, programming language semantics, programming languages, programming methodology, repetition, sequencing primitives, termination},
} 
