%!TEX root = etdrtemplate.tex


@book{Fei13,
  author    = "Peter H. Feiler and David P. Gluch", 
  title     = "Model-Based Engineering with AADL",
  year      = "2013",
  publisher = "Addison-Wesley",
  %address   = "Westford, Massachusetts"
} 

@inproceedings{Lar14, 
  author = "Brian R. Larson", 
  title  = "Integrated Clinical Environment Patient-Controlled Analgesia Infusion Pump System Requirements DRAFT 0.10.1 ", 
  year   = "2014", 
  %pages  = "1-100", 
}

@online{AUnitCookbook:Online,
author = "AdaCore",
title  = "AUnit Cookbook",
month  = mar,
year   = "2014",
url    = "http://docs.adacore.com/aunit-docs/aunit.html"
}

@online{AUnitTutorials:Online,
author = "Ed Falis",
title  = "AUnit Tutorials",
month  = mar,
year   = "2014",
url    = "http://libre.adacore.com/tools/aunit"
}

@inproceedings{AnnexDoc13, 
  author = "SAE AS-2C Architecture Description Language Subcommittee and Embedded Computing Systems Committee and Aerospace Avionics Systems Division", 
  title  = "Aerospace Standard - Architecture Analysis \& Design Language (AADL) V2 Programming Language Annex Document", 
  year   = "2013", 
  %pages  = "1-100", 
}

@inproceedings{DLR, 
  author={Xianghua Deng and Jooyong Lee and Robby}, 
  booktitle={Automated Software Engineering, 2006. ASE '06. 21st IEEE/ACM International Conference on}, 
  title={Bogor/Kiasan: A k-bounded Symbolic Execution for Checking Strong Heap Properties of Open Systems}, 
  year={2006}, 
  pages={157-166}, 
  keywords={fault diagnosis;formal specification;open systems;program diagnostics;reasoning about programs;Bogor model checking;Kiasan technique;compositional reasoning;error traces;fault evidence;heap property checking;k-bounded symbolic execution;noncompositional reasoning;open systems;specification checking;Computer languages;Contracts;Costs;Java;Open systems;Programming;Software maintenance;Software performance;Software reusability;Software tools}, 
  doi={10.1109/ASE.2006.26}, 
  ISSN={1938-4300}, }

@article{THB,
  Address = {Los Alamitos, CA, USA},
  Author = {Hariharan Thiagarajan and John Hatcliff and Jason Belt and Robby},
  Doi = {http://doi.ieeecomputersociety.org/10.1109/SCAM.2012.25},
  Isbn = {978-1-4673-2398-7},
  Journal = {Source Code Analysis and Manipulation, IEEE International Workshop on},
  Pages = {132-137},
  Publisher = {IEEE Computer Society},
  Title = {Bakar Alir: Supporting Developers in Construction of Information Flow Contracts in SPARK},
  Volume = {0},
  Year = {2012},
  Bdsk-Url-1 = {http://doi.ieeecomputersociety.org/10.1109/SCAM.2012.25}}
